<record><leader>03767ctd a2200757Ia 4500</leader><controlfield tag="001">9938655573503681</controlfield><controlfield tag="005">20230126103144.0</controlfield><controlfield tag="008">050802s1818    pau           000 0 spa d</controlfield><datafield ind1=" " ind2=" " tag="035"><subfield code="a">(OCoLC)ocn155928760</subfield></datafield><datafield ind1=" " ind2=" " tag="035"><subfield code="a">(OCoLC)155928760</subfield></datafield><datafield ind1=" " ind2=" " tag="035"><subfield code="a">(CStRLIN)PAUR05-B10632</subfield></datafield><datafield ind1=" " ind2=" " tag="035"><subfield code="a">(PU)3865557-penndb-Voyager</subfield></datafield><datafield ind1=" " ind2=" " tag="040"><subfield code="a">PU</subfield><subfield code="b">eng</subfield><subfield code="e">amremm</subfield><subfield code="c">PAULM</subfield><subfield code="d">PAULM</subfield></datafield><datafield ind1="1" ind2=" " tag="041"><subfield code="a">spa</subfield><subfield code="a">myn</subfield></datafield><datafield ind1=" " ind2=" " tag="049"><subfield code="a">PAUM</subfield></datafield><datafield ind1=" " ind2=" " tag="079"><subfield code="a">ocm79478948</subfield></datafield><datafield ind1=" " ind2="9" tag="099"><subfield code="a">Ms. Coll. 700</subfield></datafield><datafield ind1="1" ind2=" " tag="100"><subfield code="a">Aguilar, Francisco,</subfield><subfield code="d">active 1816-1823.</subfield><subfield code="0">http://id.loc.gov/authorities/names/n88226896</subfield></datafield><datafield ind1="1" ind2="0" tag="245"><subfield code="a">Sermon de nuestra Señora del Santissimo Rosario :</subfield><subfield code="b">año de 1818, poconchi.</subfield></datafield><datafield ind1="0" ind2="3" tag="246"><subfield code="a">UPenn Ms. Coll. 700, Item 65</subfield></datafield><datafield ind1=" " ind2=" " tag="260"><subfield code="a">[Guatemala,],</subfield><subfield code="c">1818.</subfield></datafield><datafield ind1=" " ind2=" " tag="300"><subfield code="a">leaves 26-65 :</subfield><subfield code="b">paper ;</subfield><subfield code="c">152 x 99 mm bound to 158 x 115 mm</subfield></datafield><datafield ind1=" " ind2=" " tag="336"><subfield code="a">text</subfield><subfield code="b">txt</subfield><subfield code="2">rdacontent</subfield></datafield><datafield ind1=" " ind2=" " tag="337"><subfield code="a">unmediated</subfield><subfield code="b">n</subfield><subfield code="2">rdamedia</subfield></datafield><datafield ind1=" " ind2=" " tag="338"><subfield code="a">volume</subfield><subfield code="b">nc</subfield><subfield code="2">rdacarrier</subfield></datafield><datafield ind1=" " ind2=" " tag="500"><subfield code="a">Ms. component part.</subfield></datafield><datafield ind1=" " ind2=" " tag="545"><subfield code="a">Dominican friar; parish priest of Tactic, Guatemala.</subfield></datafield><datafield ind1=" " ind2=" " tag="520"><subfield code="a">A sermon on the Virgin Mary in both Spanish and Pokonchi.</subfield></datafield><datafield ind1=" " ind2=" " tag="500"><subfield code="a">Title from title page (f. 26r).</subfield></datafield><datafield ind1=" " ind2=" " tag="500"><subfield code="a">Foliation: Paper, 40; no foliation.</subfield></datafield><datafield ind1=" " ind2=" " tag="500"><subfield code="a">Layout:  Written in 12-13 long lines; Spanish on the left and Pokonchi on the right of each double-page spread.</subfield></datafield><datafield ind1=" " ind2=" " tag="500"><subfield code="a">Origin:  Written in Guatemala in 1818.</subfield></datafield><datafield ind1=" " ind2=" " tag="561"><subfield code="a">From the parochial archives of Cahabón, Alta Verapaz, Guatemala.</subfield></datafield><datafield ind1=" " ind2=" " tag="524"><subfield code="a">UPenn Ms. Coll. 700, Item 65</subfield></datafield><datafield ind1=" " ind2=" " tag="546"><subfield code="a">Spanish and Pokonchi.</subfield></datafield><datafield ind1="0" ind2="0" tag="600"><subfield code="a">Mary,</subfield><subfield code="c">Blessed Virgin, Saint</subfield><subfield code="0">http://id.loc.gov/authorities/names/n81018544</subfield></datafield><datafield ind1=" " ind2="7" tag="600"><subfield code="a">Mary,</subfield><subfield code="c">Blessed Virgin, Saint</subfield><subfield code="2">fast</subfield><subfield code="0">http://id.worldcat.org/fast/68107</subfield></datafield><datafield ind1="2" ind2="0" tag="610"><subfield code="a">Catholic Church</subfield><subfield code="v">Sermons.</subfield><subfield code="0">http://id.loc.gov/authorities/subjects/sh85021172</subfield></datafield><datafield ind1="2" ind2="7" tag="610"><subfield code="a">Catholic Church.</subfield><subfield code="2">fast</subfield><subfield code="0">http://id.worldcat.org/fast/531720</subfield></datafield><datafield ind1=" " ind2="7" tag="650"><subfield code="a">Mayan languages.</subfield><subfield code="2">fast</subfield><subfield code="0">http://id.worldcat.org/fast/1012756</subfield></datafield><datafield ind1=" " ind2="7" tag="650"><subfield code="a">Pokonchi language.</subfield><subfield code="2">fast</subfield><subfield code="0">http://id.worldcat.org/fast/1068237</subfield></datafield><datafield ind1=" " ind2="7" tag="655"><subfield code="a">Sermons.</subfield><subfield code="2">fast</subfield><subfield code="0">http://id.worldcat.org/fast/1423904</subfield></datafield><datafield ind1=" " ind2="0" tag="650"><subfield code="a">Pokonchi language</subfield><subfield code="v">Texts.</subfield></datafield><datafield ind1=" " ind2="0" tag="650"><subfield code="a">Mayan languages</subfield><subfield code="v">Texts.</subfield></datafield><datafield ind1=" " ind2="0" tag="650"><subfield code="a">Indians of Central America</subfield><subfield code="z">Guatemala</subfield><subfield code="x">Languages.</subfield><subfield code="0">http://id.loc.gov/authorities/subjects/sh85065129</subfield></datafield><datafield ind1=" " ind2="7" tag="650"><subfield code="a">Indians of Central America.</subfield><subfield code="2">fast</subfield><subfield code="0">http://id.worldcat.org/fast/969430</subfield></datafield><datafield ind1=" " ind2="7" tag="651"><subfield code="a">Guatemala.</subfield><subfield code="2">fast</subfield><subfield code="0">http://id.worldcat.org/fast/1205154</subfield></datafield><datafield ind1=" " ind2="7" tag="650"><subfield code="a">Language and languages.</subfield><subfield code="2">fast</subfield><subfield code="0">http://id.worldcat.org/fast/992154</subfield></datafield><datafield ind1=" " ind2="0" tag="650"><subfield code="a">Sermons, Pokonchi.</subfield></datafield><datafield ind1=" " ind2="0" tag="650"><subfield code="a">Sermons, Spanish.</subfield><subfield code="0">http://id.loc.gov/authorities/subjects/sh85120294</subfield></datafield><datafield ind1=" " ind2="7" tag="650"><subfield code="a">Sermons, Spanish.</subfield><subfield code="2">fast</subfield><subfield code="0">http://id.worldcat.org/fast/1113306</subfield></datafield><datafield ind1=" " ind2="0" tag="651"><subfield code="a">Guatemala</subfield><subfield code="x">Languages.</subfield><subfield code="0">http://id.loc.gov/authorities/subjects/sh85057647</subfield></datafield><datafield ind1=" " ind2="4" tag="655"><subfield code="a">Codices.</subfield></datafield><datafield ind1=" " ind2="7" tag="655"><subfield code="a">Sermons.</subfield><subfield code="2">aat</subfield><subfield code="0">http://vocab.getty.edu/aat/300026669</subfield></datafield><datafield ind1=" " ind2="7" tag="655"><subfield code="a">Translations (documents)</subfield><subfield code="2">aat</subfield><subfield code="0">http://vocab.getty.edu/aat/300027389</subfield></datafield><datafield ind1=" " ind2="0" tag="655"><subfield code="a">Manuscripts, Spanish.</subfield></datafield><datafield ind1=" " ind2="7" tag="655"><subfield code="a">Texts.</subfield><subfield code="2">fast</subfield><subfield code="0">http://id.worldcat.org/fast/1423705</subfield></datafield><datafield ind1=" " ind2="7" tag="655"><subfield code="a">Sermons.</subfield><subfield code="2">lcgft</subfield><subfield code="0">http://id.loc.gov/authorities/genreForms/gf2015026051</subfield></datafield><datafield ind1="0" ind2=" " tag="773"><subfield code="t">Berendt-Brinton Linguistic Collection.</subfield><subfield code="g">Item 65</subfield></datafield><datafield ind1="0" ind2=" " tag="773"><subfield code="a">Aguilar, Francisco, fl. 1816-1823.</subfield><subfield code="t">Platicas en lengua pocomchi</subfield></datafield><datafield ind1=" " ind2=" " tag="852"><subfield code="b">Kislak Center for Special Collections, Rare Books and Manuscripts</subfield><subfield code="a">University of Pennsylvania</subfield><subfield code="e">3420 Walnut Street, Philadelphia, Pennsylvania 19104-6206.</subfield><subfield code="j">Ms. Coll. 700</subfield></datafield><datafield ind1="4" ind2="1" tag="856"><subfield code="z">Digital facsimile for browsing (Colenda)</subfield><subfield code="u">https://colenda.library.upenn.edu/catalog/81431-p3cc0v38r</subfield></datafield><datafield ind1=" " ind2=" " tag="902"><subfield code="a">MARCIVE 2022</subfield></datafield><datafield ind1=" " ind2=" " tag="994"><subfield code="a">C0</subfield><subfield code="b">PAULM</subfield></datafield><datafield ind1=" " ind2=" " tag="996"><subfield code="a">unbound</subfield></datafield><datafield ind1=" " ind2=" " tag="999"><subfield code="a">DLA</subfield><subfield code="b">20120822</subfield></datafield></record>